@book{introtobayesianthinking,
  author = {Merlise Clyde; Colin Rundel; David Banks; Christine Chai; Lizzy Huang; Mine Rundel},
  editor = {},
  publisher = {},
  title = {An Introduction to Bayesian Thinking},
  year = {2022}
}